@article{harraretal2019,
author = {Solomon W. Harrar and Fabrizio Ronchi and Luigi Salmaso},
title = {A comparison of recent nonparametric methods for testing effects in two-by-two factorial designs},
journal = {Journal of Applied Statistics},
volume = {46},
number = {9},
pages = {1649-1670},
year  = {2019},
},

@article{silvaassuncao2018,
author = {Luís G. Silva e Silva and Renato M. Assunção},
title = {COWORDS: a probabilistic model for multiple word clouds},
journal = {Journal of Applied Statistics},
volume = {45},
number = {15},
pages = {2697-2717},
year  = {2018},
},

@article{duarteetal2018,
author = {Gislaine V. Duarte and Altemir Braga and Daniel L. Miquelluti and Vitor A. Ozaki},
title = {Modeling of soybean yield using symmetric, asymmetric and bimodal distributions: implications for crop insurance},
journal = {Journal of Applied Statistics},
volume = {45},
number = {11},
pages = {1920-1937},
year  = {2018},
},

@article{dipalmaetal,
author = {M. A. Di Palma and P. Filzmoser and M. Gallo and K. Hron},
title = {A robust Parafac model for compositional data},
journal = {Journal of Applied Statistics},
volume = {45},
number = {8},
pages = {1347-1369},
year  = {2018},
},

@article{yoonkrivobokova,
author = {Jisu Yoon and Tatyana Krivobokova},
title = {Treatments of non-metric variables in partial least squares and principal component analysis},
journal = {Journal of Applied Statistics},
volume = {45},
number = {6},
pages = {971-987},
year  = {2018},
},

